Automatically generated by Mendeley Desktop 1.17-dev2

BibTeX export options can be customized via Options -> BibTeX in Mendeley Desktop

@inproceedings{dodeeplearn,
archivePrefix = {arXiv},
arxivId = {1510.02969},
author = {Khorrami, Pooya and Paine, Tom Le and Huang, Thomas S. and {Le Paine}, Tom and Huang, Thomas S.},
booktitle = {Proc. IEEE Int. Conf. Comput. Vis.},
doi = {10.1109/ICCVW.2015.12},
eprint = {1510.02969},
pages = {19--27},
title = {{Do Deep Neural Networks Learn Facial Action Units When Doing Expression Recognition?}},
%%%%url = {http://arxiv.org/abs/1510.02969},
volume = {2016-Febru},
year = {2016}
}
@article{Rocki2016,
archivePrefix = {arXiv},
arxivId = {1603.08262},
author = {Rocki, Kamil},
eprint = {1603.08262},
journal = {IBM},
title = {{Towards Machine Intelligence}},
%%%%url = {http://arxiv.org/abs/1603.08262},
year = {2016}
}
@article{disfa,
author = {Mavadati, S. Mohammad and Mahoor, Mohammad H. and Bartlett, Kevin and Trinh, Philip and Cohn, Jeffrey F.},
doi = {10.1109/T-AFFC.2013.4},
journal = {IEEE Trans. Affect. Comput.},
number = {2},
pages = {151--160},
publisher = {IEEE},
title = {{DISFA: A spontaneous facial action intensity database}},
%%%%url = {http://ieeexplore.ieee.org/lpdocs/epic03/wrapper.htm?arnumber=6475933},
volume = {4},
year = {2013}
}
@book{Bishop1995,
author = {Bishop, Christopher M.},
pages = {482},
publisher = {Clarendon Press},
title = {{Neural networks for pattern recognition}},
year = {1995}
}
@incollection{JoshuaM.Susskind123,
author = {{Joshua M. Susskind}, Geoffrey E. Hinton and Anderson, Javier R. Movellan and Adam K.},
booktitle = {Affect. Comput.},
chapter = {23},
doi = {10.5772/56897},
editor = {Or, Jimmy},
pages = {452},
publisher = {I-Tech Education and Publishing},
title = {{Generating Facial Expressions with Deep Belief Nets}},
%%%%url = {http://www.cs.toronto.edu/{~}fritz/absps/joshfacechapter.pdf},
year = {2008}
}
@article{Kaltwang2015,
author = {Kaltwang, Sebastian and Todorovic, Sinisa and Pantic, Maja},
doi = {10.1109/TPAMI.2015.2501824},
journal = {IEEE Trans. Pattern Anal. Mach. Intell.},
number = {0},
pages = {1--1},
title = {{Doubly Sparse Relevance Vector Machine for Continuous Facial Behavior Estimation}},
%%%%url = {http://ieeexplore.ieee.org/lpdocs/epic03/wrapper.htm?arnumber=7331650},
volume = {0},
year = {2015}
}
@article{Osendorfer2014,
author = {Osendorfer, Christian and Soyer, Hubert and van der Smagt, Patrick},
doi = {10.1007/978-3-319-12643-2_31},
pages = {250--257},
publisher = {Springer International Publishing},
title = {{Image Super-Resolution with Fast Approximate Convolutional Sparse Coding}},
%%%%url = {http://link.springer.com/10.1007/978-3-319-12643-2{\_}31},
year = {2014}
}
@article{Lucey2010,
author = {Lucey, Patrick and Cohn, Jeffrey F and Kanade, Takeo and Saragih, Jason and Ambadar, Zara and Matthews, Iain},
journal = {IEEE Conf. Comput. Vis. Pattern Recognit. Work.},
number = {July},
pages = {94--101},
title = {{The extended cohn-kande dataset (CK+): A complete facial expression dataset for action unit and emotionspeciﬁed expression}},
year = {2010}
}
@article{Zhou2014,
archivePrefix = {arXiv},
arxivId = {1405.1380},
author = {Zhou, Yingbo and Arpit, Devansh and Nwogu, Ifeoma and Govindaraju, Venu},
eprint = {1405.1380},
pages = {1--11},
title = {{Is Joint Training Better for Deep Auto-Encoders?}},
%%%%url = {http://arxiv.org/abs/1405.1380},
year = {2014}
}
@article{Bahrampour2016,
archivePrefix = {arXiv},
arxivId = {1511.06435},
author = {Reis, Cassius V C},
doi = {10.1227/01.NEU.0000297044.82035.57},
eprint = {1511.06435},
journal = {Neurosurgery},
number = {2},
pages = {294--310},
title = {{C Omparative S Tudy of C Ranial T Opographic}},
%%%%url = {http://search.proquest.com/docview/1626785137?accountid=10755{\%}5Cnhttp://sfx.bib-bvb.de/sfx{\_}uben?url{\_}ver=Z39.88-2004{\&}rft{\_}val{\_}fmt=info:ofi/fmt:kev:mtx:journal{\&}genre=unknown{\&}sid=ProQ:ProQ:abiglobal{\&}atitle=BEHAVIOUR+OF+ELDERLY+USERS+ON+FACEBOOK+TOWARD+VIRAL+M},
volume = {62},
year = {2008}
}
@article{tensorflow,
annote = {Large-Scale Machine Learning on Heterogeneous Distributed Systems},
author = {{Mart´ın Abadi, Ashish Agarwal, Paul Barham, Eugene Brevdo, Zhifeng Chen}, Craig Citro and {Greg S. Corrado, Andy Davis, Jeffrey Dean, Matthieu Devin, Sanjay Ghemawat}, Ian Goodfellow and {Andrew Harp, Geoffrey Irving, Michael Isard, Yangqing Jia, Rafal Jozefowicz}, Lukasz Kaiser and {Manjunath Kudlur, Josh Levenberg, Dan Mane, Rajat Monga, Sherry Moore, Derek Murray}, ´ and {Chris Olah, Mike Schuster, Jonathon Shlens, Benoit Steiner, Ilya Sutskever}, Kunal Talwar and {Paul Tucker, Vincent Vanhoucke, Vijay Vasudevan, Fernanda Viegas, Oriol Vinyals}, ´ and {Pete Warden, Martin Wattenberg, Martin Wicke, Yuan Yu}, and Xiaoqiang Zheng},
mendeley-tags = {Google,software,tensorflow,whitepaper},
title = {{TensorFlow White Paper}},
%%%%url = {http://download.tensorflow.org/paper/whitepaper2015.pdf}
}
@article{Dosovitskiy2015,
archivePrefix = {arXiv},
arxivId = {1506.0275},
author = {Dosovitskiy, Alexey and Brox, Thomas},
doi = {10.1007/978-3-319-10593-2_13},
eprint = {1506.0275},
journal = {arXiv Prepr. arXiv1506.02753},
pages = {1--15},
title = {{Inverting Convolutional Networks with Convolutional Networks}},
%%%%url = {http://arxiv.org/abs/1506.02753 http://arxiv.org/abs/1506.0275},
year = {2015}
}
@article{Hinton2006,
archivePrefix = {arXiv},
arxivId = {20},
author = {Hinton, G E},
doi = {10.1126/science.1127647},
eprint = {20},
journal = {Science (80-. ).},
number = {5786},
pages = {504--507},
pmid = {16873662},
title = {{Reducing the Dimensionality of Data with Neural Networks}},
%%%%url = {http://www.sciencemag.org/content/313/5786/504{\%}5Cnfiles/264/Science-Hinton-Salakhutdinov-2006-Reducing{\_}the{\_}Dimensionality{\_}of{\_}Data{\_}with{\_}Neural{\_}Networks.pdf{\%}5Cnhttp://www.sciencemag.org/cgi/doi/10.1126/science.1127647},
volume = {313},
year = {2006}
}
@article{adam,
archivePrefix = {arXiv},
arxivId = {1412.6980},
author = {Kingma, Diederik and Ba, Jimmy},
eprint = {1412.6980},
title = {{Adam: A Method for Stochastic Optimization}},
%%%%url = {http://arxiv.org/abs/1412.6980},
year = {2014}
}
@article{mnist,
author = {LeCun, Y. and Cortes, C. and Burges, C. J. C.},
title = {{The MNIST database of handwritten digits}},
%%%%url = {http://yann.lecun.com/exdb/mnist/},
year = {1998}
}
@article{Kim2016,
author = {Kim, Bo-Kyeong and Roh, Jihyeon and Dong, Suh-Yeon and Lee, Soo-Young},
doi = {10.1007/s12193-015-0209-0},
journal = {J. Multimodal User Interfaces},
title = {{Hierarchical committee of deep convolutional neural networks for robust facial expression recognition}},
%%%%url = {http://link.springer.com/10.1007/s12193-015-0209-0},
year = {2016}
}
@article{Deng2009,
author = {Deng, Jia Deng Jia and Dong, Wei Dong Wei and Socher, Richard and Li, Li-Jia Li Li-Jia and Li, Kai Li Kai and Fei-Fei, Li Fei-Fei Li},
doi = {10.1109/CVPR.2009.5206848},
journal = {2009 IEEE Conf. Comput. Vis. Pattern Recognit.},
pages = {2--9},
pmid = {21914436},
title = {{ImageNet: A large-scale hierarchical image database}},
year = {2009}
}
@article{Srivastava2014,
archivePrefix = {arXiv},
arxivId = {1102.4807},
author = {Srivastava, Nitish and Hinton, Geoffrey E. and Krizhevsky, Alex and Sutskever, Ilya and Salakhutdinov, Ruslan},
doi = {10.1214/12-AOS1000},
eprint = {1102.4807},
journal = {J. Mach. Learn. Res.},
mendeley-tags = {dropout},
pages = {1929--1958},
title = {{Dropout : A Simple Way to Prevent Neural Networks from Overfitting}},
volume = {15},
year = {2014}
}
@book{tfd,
author = {{J. M. Susskind, A. K. Anderson}, and G. E. Hinton},
publisher = {Department of Computer Science, University of Toronto, Toronto},
title = {{The Toronto Face Database}},
year = {2010}
}
@inproceedings{Girshick2014,
archivePrefix = {arXiv},
arxivId = {1311.2524},
author = {Girshick, Ross and Donahue, Jeff and Darrell, Trevor and Malik, Jitendra},
booktitle = {Proc. IEEE Comput. Soc. Conf. Comput. Vis. Pattern Recognit.},
doi = {10.1109/CVPR.2014.81},
eprint = {1311.2524},
pages = {580--587},
pmid = {26656583},
title = {{Rich feature hierarchies for accurate object detection and semantic segmentation}},
%%%%url = {http://arxiv.org/abs/1311.2524},
year = {2014}
}
@inproceedings{W??llmer2012,
author = {W??llmer, Martin and Metallinou, Angeliki and Katsamanis, Nassos and Schuller, Bj??rn and Narayanan, Shrikanth},
booktitle = {ICASSP, IEEE Int. Conf. Acoust. Speech Signal Process. - Proc.},
doi = {10.1109/ICASSP.2012.6288834},
pages = {4157--4160},
publisher = {IEEE},
title = {{Analyzing the memory of BLSTM neural networks for enhanced emotion classification in dyadic spoken interactions}},
%%%%url = {http://ieeexplore.ieee.org/lpdocs/epic03/wrapper.htm?arnumber=6288834},
year = {2012}
}
@inproceedings{Ghosh2015,
author = {Ghosh, Sayan and Laksana, Eugene and Scherer, Stefan and Morency, Louis-Philippe},
booktitle = {2015 Int. Conf. Affect. Comput. Intell. Interact.},
doi = {10.1109/ACII.2015.7344632},
language = {English},
pages = {609--615},
publisher = {IEEE},
title = {{A multi-label convolutional neural network approach to cross-domain action unit detection}},
%%%%url = {http://ieeexplore.ieee.org/articleDetails.jsp?arnumber=7344632},
year = {2015}
}
@article{googlepretrain,
author = {Erhan, Dumitru and Manzagol, Pierre-Antoine and Bengio, Yoshua and Bengio, Samy and Vincent, Pascal},
journal = {Int. Conf. Artif. Intell. Stat.},
pages = {153--160},
title = {{The difficulty of training deep architectures and the effect of unsupervised pre-training}},
%%%%url = {http://machinelearning.wustl.edu/mlpapers/paper{\_}files/AISTATS09{\_}ErhanMBBV.pdf},
volume = {5},
year = {2009}
}
@article{emonet,
archivePrefix = {arXiv},
arxivId = {1503.01800},
author = {Kahou, Samira Ebrahimi and Bouthillier, Xavier and Lamblin, Pascal and Gulcehre, Caglar and Michalski, Vincent and Konda, Kishore and Jean, S{\'{e}}bastien and Froumenty, Pierre and Dauphin, Yann and Boulanger-Lewandowski, Nicolas and Ferrari, Raul Chandias and Mirza, Mehdi and Warde-Farley, David and Courville, Aaron and Vincent, Pascal and Memisevic, Roland and Pal, Christopher and Bengio, Yoshua},
doi = {10.1051/0004-6361/201525993},
eprint = {1503.01800},
journal = {Astroph},
number = {1},
pages = {15},
title = {{EmoNets: Multimodal deep learning approaches for emotion recognition in video}},
%%%%url = {http://arxiv.org/abs/1503.01800},
volume = {584},
year = {2015}
}
@article{Kingma2013,
archivePrefix = {arXiv},
arxivId = {1312.6114},
author = {Kingma, Diederik P and Welling, Max},
eprint = {1312.6114},
title = {{Auto-Encoding Variational Bayes}},
%%%%url = {http://arxiv.org/abs/1312.6114},
year = {2013}
}
@article{OReilly2013,
archivePrefix = {arXiv},
arxivId = {1512.03385},
author = {O'Reilly, Randall C. and Wyatte, Dean and Herd, Seth and Mingus, Brian and Jilk, David J.},
doi = {10.3389/fpsyg.2013.00124},
eprint = {1512.03385},
journal = {Front. Psychol.},
number = {APR},
pmid = {23554596},
title = {{Recurrent processing during object recognition}},
%%%%url = {http://arxiv.org/abs/1512.03385},
volume = {4},
year = {2013}
}
@article{Geras2015,
author = {Geras, Krzysztof J and Sutton, Charles},
pages = {1--11},
title = {{S Cheduled Denoising Autoencoders}},
year = {2015}
}
@article{Ng2004,
address = {New York, New York, USA},
author = {Ng, Andrew Y.},
doi = {10.1145/1015330.1015435},
journal = {Twenty-first Int. Conf. Mach. Learn. - ICML '04},
pages = {78},
pmid = {15040217},
publisher = {ACM Press},
title = {{Feature selection, L1 vs. L2 regularization, and rotational invariance}},
%%%%url = {http://portal.acm.org/citation.cfm?doid=1015330.1015435},
year = {2004}
}
@misc{StephenMerity2016,
author = {{Stephen Merity}},
booktitle = {http://smerity.com/},
title = {{In deep learning, architecture engineering is the new feature engineering}},
%%%%url = {http://smerity.com/articles/2016/architectures{\_}are{\_}the{\_}new{\_}feature{\_}engineering.html},
%%%%urldate = {2016-09-01},
year = {2016}
}
@inproceedings{Valstar,
author = {Valstar, Michel F and Almaev, Timur and Girard, Jeffrey M and McKeown, Gary and Mehu, Marc and Yin, Lijun and Pantic, Maja and Cohn, Jeffrey F},
booktitle = {2015 11th IEEE Int. Conf. Work. Autom. Face Gesture Recognit.},
doi = {10.1109/FG.2015.7284874},
pages = {1--8},
title = {{FERA 2015 - second Facial Expression Recognition and Analysis challenge}},
%%%%url = {http://ieeexplore.ieee.org/lpdocs/epic03/wrapper.htm?arnumber=7284874},
volume = {06},
year = {2015}
}
@article{Krizhevsky2012,
archivePrefix = {arXiv},
arxivId = {1102.0183},
author = {Krizhevsky, Alex and Sutskever, Ilya and Hinton, Geoffrey E},
doi = {http://dx.doi.org/10.1016/j.protcy.2014.09.007},
eprint = {1102.0183},
journal = {Adv. Neural Inf. Process. Syst.},
pages = {1--9},
pmid = {7491034},
title = {{ImageNet Classification with Deep Convolutional Neural Networks}},
year = {2012}
}
@article{precogbook,
author = {{Duda O.}, Richard and {Hart E.}, Peter and {Stork G.}, David},
doi = {10.1007/BF01237942},
journal = {Zhurnal Eksp. i Teor. Fiz.},
pages = {680},
pmid = {2630878},
publisher = {Wiley},
title = {{Pattern Classification}},
%%%%url = {http://scholar.google.com/scholar?hl=en{\&}btnG=Search{\&}q=intitle:No+Title{\#}0{\%}5Cnhttp://www.ai.mit.edu/courses/6.891-f00/text/DHSAppendix.pdf},
year = {2000}
}
@article{semaine,
author = {McKeown, Gary and Valstar, Michel and Cowie, Roddy and Pantic, Maja and Schr{\"{o}}der, Marc},
doi = {10.1109/T-AFFC.2011.20},
journal = {IEEE Trans. Affect. Comput.},
number = {1},
pages = {5--17},
title = {{The SEMAINE database: Annotated multimodal records of emotionally colored conversations between a person and a limited agent}},
volume = {3},
year = {2012}
}
@article{Davis2006,
author = {Davis, Jesse and Goadrich, Mark},
doi = {10.1145/1143844.1143874},
pmid = {19165215},
title = {{davisgoadrichcamera2.pdf (application/pdf Object)}},
%%%%url = {http://pages.cs.wisc.edu/{~}jdavis/davisgoadrichcamera2.pdf},
year = {2006}
}
@article{Parkhi2015,
archivePrefix = {arXiv},
arxivId = {NIHMS150003},
author = {Parkhi, Omkar M. and Vedaldi, Andrea and Zisserman, Andrew},
doi = {10.5244/C.29.41},
eprint = {NIHMS150003},
journal = {Procedings Br. Mach. Vis. Conf. 2015},
number = {Section 3},
pages = {41.1--41.12},
pmid = {20847391},
title = {{Deep Face Recognition}},
%%%%url = {http://www.bmva.org/bmvc/2015/papers/paper041/index.html},
year = {2015}
}
@article{Eleftheriadis2016,
archivePrefix = {arXiv},
arxivId = {1604.02917},
author = {Eleftheriadis, Stefanos and Rudovic, Ognjen and Deisenroth, Marc P. and Pantic, Maja},
eprint = {1604.02917},
title = {{Gaussian Process Domain Experts for Model Adaptation in Facial Behavior Analysis}},
%%%%url = {http://arxiv.org/abs/1604.02917},
year = {2016}
}
@article{Xu2015,
archivePrefix = {arXiv},
arxivId = {1505.00853},
author = {Xu, Bing and Wang, Naiyan and Chen, Tianqi and Li, Mu},
eprint = {1505.00853},
journal = {ICML Deep Learn. Work.},
pages = {1--5},
title = {{Empirical Evaluation of Rectified Activations in Convolution Network}},
year = {2015}
}
@article{S.ZafeiriouA.PapaioannouI.KotsiaM.A.Nicolaou,
author = {{S. Zafeiriou, A. Papaioannou, I. Kotsia, M. A. Nicolaou}, G. Zhao.},
journal = {Int. Conf. Comput. Vis. Pattern Recognit. Work.},
title = {{Facial Affect “in-the-wild”: A survey and a new database}},
%%%%url = {http://ibug.doc.ic.ac.uk/media/uploads/documents/egpaper{\_}final{\_}1.pdf},
year = {2016}
}
@article{Amari1993,
author = {Amari, Shun-ichi},
doi = {10.1016/0925-2312(93)90006-O},
journal = {Neurocomputing},
number = {4-5},
pages = {185--196},
title = {{Backpropagation and stochastic gradient descent method}},
volume = {5},
year = {1993}
}
@article{ThibaudSenechal2016,
author = {{Thibaud Senechal}, Daniel McDuff and Rana el Kaliouby},
journal = {Affectiva},
title = {{Facial Action Unit Detection using Active Learning and an Efficient Non-Linear Kernel Approximation}},
%%%%url = {http://www.affectiva.com/wp-content/uploads/2016/02/Facial-Action-Unit-Detection-using-Active-Learning-and-an-Efficient-Non-Linear-Kernel-Approximation.pdf},
year = {2016}
}
@book{ThomasDietterich,
author = {Chapelle, Olivier and Scholkopf, Bernhard and Zien, Alexander},
title = {{Semi-Supervised Learning}},
%%%%url = {http://www.acad.bg/ebook/ml/MITPress- SemiSupervised Learning.pdf}
}
@article{Springenberg2015,
archivePrefix = {arXiv},
arxivId = {1412.6806},
author = {Springenberg, Jost Tobias and Dosovitskiy, Alexey and Brox, Thomas and Riedmiller, Martin},
eprint = {1412.6806},
journal = {Iclr},
pages = {1--14},
title = {{Striving for Simplicity: The All Convolutional Net}},
%%%%url = {http://arxiv.org/abs/1412.6806},
year = {2015}
}
@article{Gudi2015,
author = {Gudi, Amogh and Tasli, H Emrah and den Uyl, Tim M and Maroulis, Andreas},
journal = {11th IEEE Int. Conf. Autom. Face Gesture Recognitions (FG 2015), FERA 2015 Chall.},
title = {{Deep Learning based FACS Action Unit Occurrence and Intensity Estimation}},
volume = {2013},
year = {2015}
}
@article{Jaiswal2016,
author = {Jaiswal, Shashank and Valstar, Michel F.},
language = {en},
title = {{Deep learning the dynamic appearance and shape of facial action units}},
%%%%url = {http://eprints.nottingham.ac.uk/31301/1/paper.pdf},
year = {2016}
}
@inproceedings{Taigman2014,
author = {Taigman, Yaniv and Yang, Ming and Ranzato, Marc'Aurelio and Wolf, Lior},
booktitle = {2014 IEEE Conf. Comput. Vis. Pattern Recognit.},
doi = {10.1109/CVPR.2014.220},
pages = {1701--1708},
publisher = {IEEE},
title = {{DeepFace: Closing the Gap to Human-Level Performance in Face Verification}},
%%%%url = {http://ieeexplore.ieee.org/lpdocs/epic03/wrapper.htm?arnumber=6909616},
year = {2014}
}
@article{Glauner2015,
archivePrefix = {arXiv},
arxivId = {1508.06535},
author = {Glauner, Patrick O.},
eprint = {1508.06535},
title = {{Deep Convolutional Neural Networks for Smile Recognition}},
%%%%url = {http://arxiv.org/abs/1508.06535},
year = {2015}
}
@article{autong,
archivePrefix = {arXiv},
arxivId = {arXiv:1506.03733v1},
author = {Ng, Andrew},
doi = {10.1371/journal.pone.0006098},
eprint = {arXiv:1506.03733v1},
institution = {Stanford},
journal = {CS294A Lect. notes},
pages = {1--19},
pmid = {19568420},
title = {{Sparse autoencoder}},
%%%%url = {http://www.stanford.edu/class/cs294a/sae/sparseAutoencoderNotes.pdf},
year = {2011}
}
@article{S.EleftheriadisO.Rudovic,
author = {{S. Eleftheriadis, O. Rudovic}, M. Pantic},
journal = {Int. Conf. Comput. Vis. (ICCV). Santiago, Chile},
title = {{Multi-conditional Latent Variable Model for Joint Facial Action Unit Detection}},
%%%%url = {http://ibug.doc.ic.ac.uk/media/uploads/documents/eleftheriadis{\_}iccv2015.pdf},
year = {2015}
}
@article{Savran2012,
author = {Savran, Arman and Sankur, Bulent and {Taha Bilge}, M},
doi = {10.1016/j.imavis.2011.11.008},
journal = {IMAVIS},
pages = {774--784},
title = {{Regression-based intensity estimation of facial action units ☆}},
volume = {30},
year = {2012}
}
@article{Corneanu2016,
author = {Corneanu, Ciprian A and Oliu, Marc and Cohn, Jeffrey F and Escalera, Sergio},
doi = {10.1109/TPAMI.2016.2515606},
journal = {IEEE Trans. Pattern Anal. Mach. Intell.},
pmid = {26761193},
title = {{Survey on RGB, 3D, Thermal, and Multimodal Approaches for Facial Expression Recognition: History, Trends, and Affect-related Applications.}},
%%%%url = {http://www.ncbi.nlm.nih.gov/pubmed/26761193},
year = {2016}
}
@article{Gregor2015,
archivePrefix = {arXiv},
arxivId = {arXiv:1502.04623v1},
author = {Gregor, Karol and Danihelka, Ivo and Graves, Alex and Wierstra, Daan},
eprint = {arXiv:1502.04623v1},
pages = {1--16},
title = {{DRAW: A Recurrent Neural Network For Image Generation}},
%%%%url = {http://arxiv.org/abs/1502.04623},
year = {2014}
}
@article{Ng2015,
author = {Ng, Hong-Wei and Nguyen, Viet Dung and Vonikakis, Vassilios and Winkler, Stefan},
doi = {10.1145/2818346.2830593},
pages = {443--449},
publisher = {ACM},
title = {{Deep Learning for Emotion Recognition on Small Datasets using Transfer Learning}},
%%%%url = {http://dl.acm.org/citation.cfm?id=2818346.2830593},
year = {2015}
}
@article{Goel2014,
archivePrefix = {arXiv},
arxivId = {1412.6093},
author = {Goel, Kratarth and Vohra, Raunaq},
eprint = {1412.6093},
pages = {6},
title = {{Learning Temporal Dependencies in Data Using a DBN-BLSTM}},
%%%%url = {http://arxiv.org/abs/1412.6093},
year = {2014}
}
@book{Bishop2006,
archivePrefix = {arXiv},
arxivId = {0-387-31073-8},
author = {Bishop, Christopher M Cm and Nasrabadi, Nm},
booktitle = {Pattern Recognit.},
doi = {10.1117/1.2819119},
eprint = {0-387-31073-8},
pages = {738},
pmid = {8943268},
publisher = {Springer},
title = {{Pattern recognition and machine learning}},
volume = {4},
year = {2006}
}
@article{stacks,
archivePrefix = {arXiv},
arxivId = {0-387-31073-8},
author = {Vincent, Pascal and Larochelle, Hugo and Lajoie, Isabelle and Bengio, Yoshua and Manzagol, Pierre-Antoine},
doi = {10.1111/1467-8535.00290},
eprint = {0-387-31073-8},
journal = {J. Mach. Learn. Res.},
number = {3},
pages = {3371--3408},
pmid = {17348934},
title = {{Stacked Denoising Autoencoders: Learning Useful Representations in a Deep Network with a Local Denoising Criterion}},
volume = {11},
year = {2010}
}
@misc{AndrewGibiansky,
author = {{Andrew Gibiansky}},
booktitle = {2014},
title = {{Convolutional Neural Networks}},
%%%%url = {http://andrew.gibiansky.com/blog/machine-learning/convolutional-neural-networks/},
%%%%urldate = {2016-06-10}
}
